@inproceedings{mdm-acqua,
  author={Archan Misra and Lipyeow Lim},
  title={Optimizing Sensor Data Acquisition for Energy-Efficient
Smartphone-based Continuous Event Processing},
  booktitle={Mobile Data Management},
  pages={},
  year={2011},
  file={mdm11-eecep.pdf},
  acceptrate={25},
  work={60}
}

@inproceedings{DBLP:conf/hicss/LimB11,
  author    = {Lipyeow Lim and
               Bishwaranjan Bhattacharjee},
  title     = {Optimizing Access across Multiple Hierarchies
in Data Warehouses},
  booktitle = {HICSS},
  year      = {2011},
  pages     = {1-10},
  ee        = {http://dx.doi.org/10.1109/HICSS.2011.336},
  crossref  = {DBLP:conf/hicss/2011},
  bibsource = {DBLP, http://dblp.uni-trier.de},
  file={hicss2011-hierarchymgmt.pdf},
  work={90}
}

@proceedings{DBLP:conf/hicss/2011,
  title     = {44th Hawaii International International
Conference on Systems
               Science (HICSS-44 2011), Proceedings, 4-7
January 2011,
               Koloa, Kauai, HI, USA},
  booktitle = {HICSS},
  publisher = {IEEE Computer Society},
  year      = {2011},
  isbn      = {978-0-7695-4282-9},
  bibsource = {DBLP, http://dblp.uni-trier.de}
}

@inproceedings{DBLP:conf/sigmod/YangWLW10,
  author    = {Mohan Yang and
               Haixun Wang and
               Lipyeow Lim and
               Min Wang},
  title     = {Optimizing content freshness of relations
extracted from
               the web using keyword search},
  booktitle = {SIGMOD},
  year      = {2010},
  pages     = {819-830},
  ee        = {http://doi.acm.org/10.1145/1807167.1807256},
  crossref  = {DBLP:conf/sigmod/2010},
  bibsource = {DBLP, http://dblp.uni-trier.de},
  file={sigmod10-contentfreshness.pdf},
  acceptrate= {21},
  work={30}
}


@inproceedings{DBLP:conf/edbt/BordawekarLKK10,
  author    = {Rajesh Bordawekar and
               Lipyeow Lim and
               Anastasios Kementsietsidis and
               Bryant Wei-Lun Kok},
  title     = {Statistics-based parallelization of XPath queries in shared
               memory systems},
  booktitle = {EDBT},
  year      = {2010},
  pages     = {159-170},
  file      = {edbt10-xpathmulticore.pdf},
  acceptrate = {18},
  work ={70},
  ee        = {http://doi.acm.org/10.1145/1739041.1739063},
  crossref  = {DBLP:conf/edbt/2010},
  bibsource = {DBLP, http://dblp.uni-trier.de}
}
@proceedings{DBLP:conf/edbt/2010,
  editor    = {Ioana Manolescu and
               Stefano Spaccapietra and
               Jens Teubner and
               Masaru Kitsuregawa and
               Alain L{\'e}ger and
               Felix Naumann and
               Anastasia Ailamaki and
               Fatma {\"O}zcan},
  title     = {EDBT 2010, 13th International Conference on Extending Database
               Technology, Lausanne, Switzerland, March 22-26, 2010, Proceedings},
  booktitle = {EDBT},
  publisher = {ACM},
  series    = {ACM International Conference Proceeding Series},
  volume    = {426},
  year      = {2010},
  isbn      = {978-1-60558-945-9},
  bibsource = {DBLP, http://dblp.uni-trier.de}
}

@inproceedings{DBLP:conf/cikm/HassanzadehKLMW09,
  author    = {Oktie Hassanzadeh and
               Anastasios Kementsietsidis and
               Lipyeow Lim and
               Ren{\'e}e J. Miller and
               Min Wang},
  title     = {A framework for semantic link discovery over relational
               data},
  booktitle = {CIKM},
  year      = {2009},
  pages     = {1027-1036},
  file      = {cikm09-linquer.pdf},
  acceptrate={15},
  work      ={50},
  ee        = {http://doi.acm.org/10.1145/1645953.1646084},
  crossref  = {DBLP:conf/cikm/2009},
  bibsource = {DBLP, http://dblp.uni-trier.de}
}

@inproceedings{DBLP:conf/cikm/LimWW09,
  author    = {Lipyeow Lim and
               Haixun Wang and
               Min Wang},
  title     = {Semantic queries in databases: problems and challenges},
  booktitle = {CIKM},
  year      = {2009},
  pages     = {1505-1508},
  file      = {cikm09-semanticqueries.pdf},
  acceptrate={15},
  work      ={50},
  ee        = {http://doi.acm.org/10.1145/1645953.1646157},
  crossref  = {DBLP:conf/cikm/2009},
  bibsource = {DBLP, http://dblp.uni-trier.de}
}

@proceedings{DBLP:conf/cikm/2009,
  editor    = {David Wai-Lok Cheung and
               Il-Yeol Song and
               Wesley W. Chu and
               Xiaohua Hu and
               Jimmy J. Lin},
  title     = {Proceedings of the 18th ACM Conference on Information and
               Knowledge Management, CIKM 2009, Hong Kong, China, November
               2-6, 2009},
  booktitle = {CIKM},
  publisher = {ACM},
  year      = {2009},
  isbn      = {978-1-60558-512-3},
  bibsource = {DBLP, http://dblp.uni-trier.de}
}

@inproceedings{DBLP:conf/edbt/BordawekarLS09,
  author    = {Rajesh Bordawekar and
               Lipyeow Lim and
               Oded Shmueli},
  title     = {Parallelization of XPath queries using multi-core processors:
               challenges and experiences},
  booktitle = {EDBT},
  year      = {2009},
  pages     = {180-191},
  file      = {edbt09-parxpath.pdf},
  acceptrate={33},
  work      ={60},
  ee        = {http://doi.acm.org/10.1145/1516360.1516382},
  crossref  = {DBLP:conf/edbt/2009},
  bibsource = {DBLP, http://dblp.uni-trier.de}
}

@proceedings{DBLP:conf/edbt/2009,
  editor    = {Martin L. Kersten and
               Boris Novikov and
               Jens Teubner and
               Vladimir Polutin and
               Stefan Manegold},
  title     = {EDBT 2009, 12th International Conference on Extending Database
               Technology, Saint Petersburg, Russia, March 24-26, 2009,
               Proceedings},
  booktitle = {EDBT},
  publisher = {ACM},
  series    = {ACM International Conference Proceeding Series},
  volume    = {360},
  year      = {2009},
  isbn      = {978-1-60558-422-5},
  bibsource = {DBLP, http://dblp.uni-trier.de}
}

@inproceedings{DBLP:conf/www/HassanzadehLKW09,
  author    = {Oktie Hassanzadeh and
               Lipyeow Lim and
               Anastasios Kementsietsidis and
               Min Wang},
  title     = {A declarative framework for semantic link discovery over
               relational data (Poster)},
  booktitle = {WWW},
  year      = {2009},
  pages     = {1101-1102},
  file      = {www09-semanticlink.pdf},
  acceptrate={unknown},
  work      = {40},
  ee        = {http://doi.acm.org/10.1145/1526709.1526876},
  crossref  = {DBLP:conf/www/2009},
  bibsource = {DBLP, http://dblp.uni-trier.de}
}
@proceedings{DBLP:conf/www/2009,
  editor    = {Juan Quemada and
               Gonzalo Le{\'o}n and
               Yo{\"e}lle S. Maarek and
               Wolfgang Nejdl},
  title     = {Proceedings of the 18th International Conference on World
               Wide Web, WWW 2009, Madrid, Spain, April 20-24, 2009},
  booktitle = {WWW},
  publisher = {ACM},
  year      = {2009},
  isbn      = {978-1-60558-487-4},
  bibsource = {DBLP, http://dblp.uni-trier.de}
}

@article{DBLP:journals/corr/abs-0908-0567,
  author    = {Oktie Hassanzadeh and
               Anastasios Kementsietsidis and
               Lipyeow Lim and
               Ren{\'e}e J. Miller and
               Min Wang},
  title     = {LinkedCT: A Linked Data Space for Clinical Trials},
  journal   = {CoRR},
  volume    = {abs/0908.0567},
  year      = {2009},
  file      = {arxiv09-linkedct.pdf},
  work      = {50},
  ee        = {http://arxiv.org/abs/0908.0567},
  bibsource = {DBLP, http://dblp.uni-trier.de}
}

@article{DBLP:journals/pvldb/BhattacharjeeLMMRLMTS09,
  author    = {Bishwaranjan Bhattacharjee and
               Lipyeow Lim and
               Timothy Malkemus and
               George A. Mihaila and
               Kenneth A. Ross and
               Sherman Lau and
               Cathy McCarthur and
               Zoltan Toth and
               Reza Sherkat},
  title     = {Efficient Index Compression in DB2 LUW},
  journal   = {PVLDB},
  volume    = {2},
  number    = {2},
  year      = {2009},
  pages     = {1462-1473},
  file      = {vldb09-indexcompression.pdf},
  acceptrate={17},
  work      = {30},
  ee        = {http://www.vldb.org/pvldb/2/vldb09-798.pdf},
  bibsource = {DBLP, http://dblp.uni-trier.de}
}

@article{DBLP:journals/pvldb/HassanzadehXMKLW09,
  author    = {Oktie Hassanzadeh and
               Reynold Xin and
               Ren{\'e}e J. Miller and
               Anastasios Kementsietsidis and
               Lipyeow Lim and
               Min Wang},
  title     = {Linkage Query Writer},
  journal   = {PVLDB},
  volume    = {2},
  number    = {2},
  year      = {2009},
  pages     = {1590-1593},
  file      = {vldb09-linquer.pdf},
  acceptrate={17},
  work      ={30},
  ee        = {http://www.vldb.org/pvldb/2/vldb09-1006.pdf},
  bibsource = {DBLP, http://dblp.uni-trier.de}
}

@inproceedings{DBLP:conf/er/LimWW08,
  author    = {Lipyeow Lim and
               Haixun Wang and
               Min Wang},
  title     = {Modeling and Querying E-Commerce Data in Hybrid Relational-XML
               DBMSs},
  booktitle = {ER},
  year      = {2008},
  pages     = {294-310},
  file      = {er08-ecatalog.pdf},
  acceptrate={19},
  work      ={60},
  ee        = {http://dx.doi.org/10.1007/978-3-540-87877-3_22},
  crossref  = {DBLP:conf/er/2008},
  bibsource = {DBLP, http://dblp.uni-trier.de}
}

@proceedings{DBLP:conf/er/2008,
  editor    = {Qing Li and
               Stefano Spaccapietra and
               Eric S. K. Yu and
               Antoni Oliv{\'e}},
  title     = {Conceptual Modeling - ER 2008, 27th International Conference
               on Conceptual Modeling, Barcelona, Spain, October 20-24,
               2008. Proceedings},
  booktitle = {ER},
  publisher = {Springer},
  series    = {Lecture Notes in Computer Science},
  volume    = {5231},
  year      = {2008},
  isbn      = {978-3-540-87876-6},
  bibsource = {DBLP, http://dblp.uni-trier.de}
}

@inproceedings{DBLP:conf/icde/LimB08,
  author    = {Lipyeow Lim and
               Bishwaranjan Bhattacharjee},
  title     = {Optimizing Hierarchical Access in OLAP
Environment (Poster)},
  booktitle = {ICDE},
  year      = {2008},
  pages     = {1531-1533},
  file      = {icde08-hierarchy.pdf},
  acceptrate={unknown},
  work      ={90},
  ee        = {http://dx.doi.org/10.1109/ICDE.2008.4497613},
  crossref  = {DBLP:conf/icde/2008},
  bibsource = {DBLP, http://dblp.uni-trier.de}
}
@proceedings{DBLP:conf/icde/2008,
  title     = {Proceedings of the 24th International Conference on Data
               Engineering, ICDE 2008,  April 7-12, 2008, Canc{\'u}n,
               M{\'e}xico},
  booktitle = {ICDE},
  publisher = {IEEE},
  year      = {2008},
  bibsource = {DBLP, http://dblp.uni-trier.de}
}

@inproceedings{DBLP:conf/debs/SowLWK07,
  author    = {Daby M. Sow and
               Lipyeow Lim and
               Min Wang and
               Kyu Hyun Kim},
  title     = {Persisting and querying biometric event streams with hybrid
               relational-XML DBMS},
  booktitle = {DEBS},
  year      = {2007},
  pages     = {189-197},
  file      = {debs07-biostreams.pdf},
  acceptrate={18.9},
  work      ={30},
  ee        = {http://doi.acm.org/10.1145/1266894.1266933},
  crossref  = {DBLP:conf/debs/2007},
  bibsource = {DBLP, http://dblp.uni-trier.de}
}
@proceedings{DBLP:conf/debs/2007,
  editor    = {Hans-Arno Jacobsen and
               Gero M{\"u}hl and
               Michael A. Jaeger},
  title     = {Proceedings of the 2007 Inaugural International Conference
               on Distributed Event-Based Systems, DEBS 2007, Toronto,
               Ontario, Canada, June 20-22, 2007},
  booktitle = {DEBS},
  publisher = {ACM},
  series    = {ACM International Conference Proceeding Series},
  volume    = {233},
  year      = {2007},
  isbn      = {978-1-59593-665-3},
  bibsource = {DBLP, http://dblp.uni-trier.de}
}

@inproceedings{DBLP:conf/icde/LimWW07,
  author    = {Lipyeow Lim and
               Haixun Wang and
               Min Wang},
  title     = {Semantic Data Management: Towards Querying Data with their
               Meaning},
  booktitle = {ICDE},
  year      = {2007},
  pages     = {1438-1442},
  acceptrate={19},
  work      ={60},
  file      = {icde07-ontology.pdf},
  ee        = {http://dx.doi.org/10.1109/ICDE.2007.369030},
  crossref  = {DBLP:conf/icde/2007},
  bibsource = {DBLP, http://dblp.uni-trier.de}
}
@proceedings{DBLP:conf/icde/2007,
  title     = {Proceedings of the 23rd International Conference on Data
               Engineering, ICDE 2007,  April 15-20, 2007, The Marmara
               Hotel, Istanbul, Turkey},
  booktitle = {ICDE},
  publisher = {IEEE},
  year      = {2007},
  bibsource = {DBLP, http://dblp.uni-trier.de}
}

@inproceedings{DBLP:conf/sigmod/LiWLWC07,
  author    = {Chengkai Li and
               Min Wang and
               Lipyeow Lim and
               Haixun Wang and
               Kevin Chen-Chuan Chang},
  title     = {Supporting ranking and clustering as generalized order-by
               and group-by},
  booktitle = {SIGMOD},
  year      = {2007},
  pages     = {127-138},
  file      = {sigmod07-clustrank.pdf},
  acceptrate={14.6},
  work      ={30},
  ee        = {http://doi.acm.org/10.1145/1247480.1247496},
  crossref  = {DBLP:conf/sigmod/2007},
  bibsource = {DBLP, http://dblp.uni-trier.de}
}
@proceedings{DBLP:conf/sigmod/2007,
  editor    = {Chee Yong Chan and
               Beng Chin Ooi and
               Aoying Zhou},
  title     = {Proceedings of the ACM SIGMOD International Conference on
               Management of Data, Beijing, China, June 12-14, 2007},
  booktitle = {SIGMOD Conference},
  publisher = {ACM},
  year      = {2007},
  isbn      = {978-1-59593-686-8},
  bibsource = {DBLP, http://dblp.uni-trier.de}
}

@inproceedings{DBLP:conf/sigmod/MoroLC07,
  author    = {Mirella Moura Moro and
               Lipyeow Lim and
               Yuan-Chi Chang},
  title     = {Schema advisor for hybrid relational-XML DBMS},
  booktitle = {SIGMOD},
  year      = {2007},
  pages     = {959-970},
  file      = {sigmod07-rxadvisor.pdf},
  acceptrate= {14.6},
  work      ={50},
  ee        = {http://doi.acm.org/10.1145/1247480.1247592},
  crossref  = {DBLP:conf/sigmod/2007},
  bibsource = {DBLP, http://dblp.uni-trier.de}
}

@inproceedings{DBLP:conf/vldb/LimWW07,
  author    = {Lipyeow Lim and
               Haixun Wang and
               Min Wang},
  title     = {Unifying Data and Domain Knowledge Using Virtual Views},
  booktitle = {VLDB},
  year      = {2007},
  pages     = {255-266},
  file      = {vldb07-virtualview.pdf},
  acceptrate={17},
  work      ={60},
  ee        = {http://www.vldb.org/conf/2007/papers/research/p255-lim.pdf},
  crossref  = {DBLP:conf/vldb/2007},
  bibsource = {DBLP, http://dblp.uni-trier.de}
}
@proceedings{DBLP:conf/vldb/2007,
  editor    = {Christoph Koch and
               Johannes Gehrke and
               Minos N. Garofalakis and
               Divesh Srivastava and
               Karl Aberer and
               Anand Deshpande and
               Daniela Florescu and
               Chee Yong Chan and
               Venkatesh Ganti and
               Carl-Christian Kanne and
               Wolfgang Klas and
               Erich J. Neuhold},
  title     = {Proceedings of the 33rd International Conference on Very
               Large Data Bases, University of Vienna, Austria, September
               23-27, 2007},
  booktitle = {VLDB},
  publisher = {ACM},
  year      = {2007},
  isbn      = {978-1-59593-649-3},
  bibsource = {DBLP, http://dblp.uni-trier.de}
}

@inproceedings{DBLP:conf/www/MoroML07,
  author    = {Mirella Moura Moro and
               Susan Malaika and
               Lipyeow Lim},
  title     = {Preserving XML queries during schema
evolution (Poster)},
  booktitle = {WWW},
  year      = {2007},
  pages     = {1341-1342},
  file      = {www07-schemaevolve.pdf},
  acceptrate={unknown},
  work      ={30},
  ee        = {http://doi.acm.org/10.1145/1242572.1242841},
  crossref  = {DBLP:conf/www/2007},
  bibsource = {DBLP, http://dblp.uni-trier.de}
}
@proceedings{DBLP:conf/www/2007,
  editor    = {Carey L. Williamson and
               Mary Ellen Zurko and
               Peter F. Patel-Schneider and
               Prashant J. Shenoy},
  title     = {Proceedings of the 16th International Conference on World
               Wide Web, WWW 2007, Banff, Alberta, Canada, May 8-12, 2007},
  booktitle = {WWW},
  publisher = {ACM},
  year      = {2007},
  isbn      = {978-1-59593-654-7},
  bibsource = {DBLP, http://dblp.uni-trier.de}
}

@article{wwwj-landmark,
  author    = {Lipyeow Lim and
               Min Wang and
               Sriram Padmanabhan and
               Jeffrey Scott Vitter and
               Ramesh C. Agarwal},
  title     = {Efficient Update of Indexes for Dynamically Changing Web
               Documents},
  journal = {World Wide Web Journal},
  publisher = {Springer Netherlands},
  volume={10},
  number={1},
  month={March},
  year      = {2007},
  pages     = {37-69},
  file      = {wwwj07-landmark.pdf},
  work      ={80},
  ee        = {http://dx.doi.org/10.1007/s11280-006-0009-2}
}

@inproceedings{DBLP:conf/icebe/HuangLL06,
  author    = {Pu Huang and
               Hui Lei and
               Lipyeow Lim},
  title     = {Real Time Business Performance Monitoring and Analysis Using
               Metric Network},
  booktitle = {ICEBE},
  year      = {2006},
  pages     = {442-449},
  ee        = {http://doi.ieeecomputersociety.org/10.1109/ICEBE.2006.84},
  file      = {icebe06-rtbpm.pdf},
  acceptrate={20},
  work      ={30},
  crossref  = {DBLP:conf/icebe/2006},
  bibsource = {DBLP, http://dblp.uni-trier.de}
}
@proceedings{DBLP:conf/icebe/2006,
  title     = {2006 IEEE International Conference on e-Business Engineering
               (ICEBE 2006), 24-26 October 2006, Shanghai, China},
  booktitle = {ICEBE},
  publisher = {IEEE Computer Society},
  year      = {2006},
  isbn      = {0-7695-2645-4},
  bibsource = {DBLP, http://dblp.uni-trier.de}
}

@article{DBLP:journals/ibmsj/BalminEHLLSWZ06,
  author    = {Andrey Balmin and
               Tom Eliaz and
               John Hornibrook and
               Lipyeow Lim and
               Guy M. Lohman and
               David E. Simmen and
               Min Wang and
               Chun Zhang},
  title     = {Cost-based optimization in DB2 XML},
  journal   = {IBM Systems Journal},
  volume    = {45},
  number    = {2},
  year      = {2006},
  pages     = {299-320},
  file      = {ibmsys06-xmlopt.pdf},
  work      ={20},
  ee        = {http://dx.doi.org/10.1147/sj.452.0299},
  bibsource = {DBLP, http://dblp.uni-trier.de}
}

@inproceedings{DBLP:conf/icebe/LimW05,
  author    = {Lipyeow Lim and
               Min Wang},
  title     = {Managing E-Commerce Catalogs in a DBMS with Native XML Support},
  booktitle = {ICEBE},
  year      = {2005},
  pages     = {564-571},
  file      = {icebe05-ecatalog.pdf},
  acceptrate={17},
  work      ={80},
  ee        = {http://doi.ieeecomputersociety.org/10.1109/ICEBE.2005.82},
  crossref  = {DBLP:conf/icebe/2005},
  bibsource = {DBLP, http://dblp.uni-trier.de}
}

@proceedings{DBLP:conf/icebe/2005,
  editor    = {Francis C. M. Lau and
               Hui Lei and
               Xiaofeng Meng and
               Min Wang},
  title     = {2005 IEEE International Conference on e-Business Engineering
               (ICEBE 2005), 18-21 October 2005, Beijing, China},
  booktitle = {ICEBE},
  publisher = {IEEE Computer Society},
  year      = {2005},
  isbn      = {0-7695-2430-3},
  bibsource = {DBLP, http://dblp.uni-trier.de}
}


@inproceedings{DBLP:conf/vldb/LimWV05,
  author    = {Lipyeow Lim and
               Min Wang and
               Jeffrey Scott Vitter},
  title     = {CXHist : An On-line Classification-Based Histogram for XML
               String Selectivity Estimation},
  booktitle = {VLDB},
  year      = {2005},
  pages     = {1187-1198},
  file      = {vldb05-xsh.pdf},
  acceptrate={16},
  work      ={80},
  ee        = {http://www.vldb2005.org/program/paper/thu/p1187-lim.pdf},
  crossref  = {DBLP:conf/vldb/2005},
  bibsource = {DBLP, http://dblp.uni-trier.de}
}

@proceedings{DBLP:conf/vldb/2005,
  editor    = {Klemens B{\"o}hm and
               Christian S. Jensen and
               Laura M. Haas and
               Martin L. Kersten and
               Per-{\AA}ke Larson and
               Beng Chin Ooi},
  title     = {Proceedings of the 31st International Conference on Very
               Large Data Bases, Trondheim, Norway, August 30 - September
               2, 2005},
  publisher = {ACM},
  year      = {2005},
  isbn      = {1-59593-154-6, 1-59593-177-5},
  bibsource = {DBLP, http://dblp.uni-trier.de}
}

@inproceedings{DBLP:conf/vldb/LimWV03,
  author    = {Lipyeow Lim and
               Min Wang and
               Jeffrey Scott Vitter},
  title     = {SASH: A Self-Adaptive Histogram Set for Dynamically Changing
               Workloads},
  booktitle = {VLDB},
  year      = {2003},
  pages     = {369-380},
  file      = {vldb03-sash.pdf},
  acceptrate={18},
  work      ={80},
  ee        = {http://www.vldb.org/conf/2003/papers/S12P02.pdf},
  bibsource = {DBLP, http://dblp.uni-trier.de}
}

@inproceedings{DBLP:conf/www/LimWPVA03,
  author    = {Lipyeow Lim and
               Min Wang and
               Sriram Padmanabhan and
               Jeffrey Scott Vitter and
               Ramesh C. Agarwal},
  title     = {Dynamic maintenance of web indexes using landmarks},
  booktitle = {WWW},
  year      = {2003},
  pages     = {102-111},
  file      = {www03-ldmk.pdf},
  acceptrate={12.8},
  work      ={80},
  ee        = {http://doi.acm.org/10.1145/775152.775167},
  bibsource = {DBLP, http://dblp.uni-trier.de}
}

@inproceedings{DBLP:conf/vldb/LimWPVP02,
  author    = {Lipyeow Lim and
               Min Wang and
               Sriram Padmanabhan and
               Jeffrey Scott Vitter and
               Ronald Parr},
  title     = {XPathLearner: An On-line Self-Tuning Markov Histogram for
               XML Path Selectivity Estimation},
  booktitle = {VLDB},
  year      = {2002},
  pages     = {442-453},
  file      = {vldb02-xmlpathsel-appendix.pdf},
  acceptrate={18},
  work      ={80},
  ee        = {http://www.vldb.org/conf/2002/S13P01.pdf},
  crossref  = {DBLP:conf/vldb/2002},
  bibsource = {DBLP, http://dblp.uni-trier.de}
}
@proceedings{DBLP:conf/vldb/2002,
  title     = {VLDB 2002, Proceedings of 28th International Conference
               on Very Large Data Bases, August 20-23, 2002, Hong Kong,
               China},
  publisher = {Morgan Kaufmann},
  year      = {2002},
  bibsource = {DBLP, http://dblp.uni-trier.de}
}

@inproceedings{DBLP:conf/ssd/WangVLP01,
  author    = {Min Wang and
               Jeffrey Scott Vitter and
               Lipyeow Lim and
               Sriram Padmanabhan},
  title     = {Wavelet-Based Cost Estimation for Spatial Queries},
  booktitle = {SSTD},
  year      = {2001},
  pages     = {175-196},
  file      = {sstd01-spatialsel.pdf},
  acceptrate={30},
  work      ={30},
  ee        = {http://link.springer.de/link/service/series/0558/bibs/2121/21210175.htm},
  crossref  = {DBLP:conf/ssd/2001},
  bibsource = {DBLP, http://dblp.uni-trier.de}
}
@proceedings{DBLP:conf/ssd/2001,
  editor    = {Christian S. Jensen and
               Markus Schneider and
               Bernhard Seeger and
               Vassilis J. Tsotras},
  title     = {Advances in Spatial and Temporal Databases, 7th International
               Symposium, SSTD 2001, Redondo Beach, CA, USA, July 12-15,
               2001, Proceedings},
  booktitle = {SSTD},
  publisher = {Springer},
  series    = {Lecture Notes in Computer Science},
  volume    = {2121},
  year      = {2001},
  isbn      = {3-540-42301-X},
  bibsource = {DBLP, http://dblp.uni-trier.de}
}

@inproceedings{DBLP:conf/waim/LimWPVA01,
  author    = {Lipyeow Lim and
               Min Wang and
               Sriram Padmanabhan and
               Jeffrey Scott Vitter and
               Ramesh C. Agarwal},
  title     = {Characterizing Web Document Change},
  booktitle = {WAIM},
  year      = {2001},
  pages     = {133-144},
  file      = {waim01-webdocs.pdf},
  acceptrate={unknown},
  work      ={80},
  ee        = {http://link.springer.de/link/service/series/0558/bibs/2118/21180133.htm},
  crossref  = {DBLP:conf/waim/2001},
  bibsource = {DBLP, http://dblp.uni-trier.de}
}
@proceedings{DBLP:conf/waim/2001,
  editor    = {Xiaoyang Sean Wang and
               Ge Yu and
               Hongjun Lu},
  title     = {Advances in Web-Age Information Management, Second International
               Conference, WAIM 2001, Xi'an, China, July 9-11, 2001, Proceedings},
  booktitle = {WAIM},
  publisher = {Springer},
  series    = {Lecture Notes in Computer Science},
  volume    = {2118},
  year      = {2001},
  isbn      = {3-540-42298-6},
  bibsource = {DBLP, http://dblp.uni-trier.de}
}


@inproceedings{amia09-ontprofile,
   author = {Kementsietsidis, Anastasios and Lim, Lipyeow and Wang, Min},
   title = {Profile-based Retrieval of Records in Medical databases.},
   booktitle= {AMIA},
   year = {2009},
   pages = {312-316},
   file={amia09-ontprofile.pdf},
  work      ={40},
   acceptrate={unknown}
}

@inproceedings{amia08-ontkeyword,
   author = {Kementsietsidis, Anastasios and Lim, Lipyeow and Wang, Min},
   title = {Supporting ontology-based keyword search over medical databases.},
   booktitle= {AMIA},
   year = {2008},
   pages = {409-13},
   url = {http://www.biomedsearch.com/nih/Supporting-ontology-based-keyword-search/18998839.html},
   PubMedID = {18998839},
   ISSN = {1942-597X},
   file={amia08-ontkeyword.pdf},
  work      ={50},
   acceptrate={unknown}
}

@inbook{chapter-rexsa,
   author={Mirella M. Moro and Lipyeow Lim and Yuan-Chi Chang},
   title={Challenges on Modeling Hybrid XML-Relational Databases},
   booktitle={Open and Novel Issues in XML Database Applications: Future Directions and Advanced Technologies},
   publisher={{IGI-Global} Information Science Reference},
   chapter={2},
   month={April},
   year={2009},
  work      ={40},
   crossref={bookxmldbapp}
}

@book{bookxmldbapp,
   booktitle={Open and Novel Issues in XML Database Applications: Future Directions and Advanced Technologies},
   editor={Eric Pardede},
   publisher={{IGI-Global} Information Science Reference},
   month={April},
   year={2009},
   isbn={978-1-60566-308-1}
}

@phdthesis{onlinedbopt,
author={Lipyeow Lim},
title={On-line Methods for Database Optimization},
school={Department of Computer Science, Duke University, North Carolina, USA.},
year={2004},
file={phdthesis.pdf}
}

@mastersthesis{pixord,
author={Lipyeow Lim},
title={A Theoretical Look at Pixel Ordering},
school={School of Computing, National University of Singapore, Singapore.},
year={1999},
file={pixord.pdf}
}


